@book{Triches22,
	title = {Pré-Calculo: Um livro colaborativo},
	author = {Francieli Triches and Helder Geovane Gomes de Lima},
	year = {2022},
        url = {https://www.ufrgs.br/reamat/PreCalculo/livro/livro.pdf}
}

@book{stewartCalculusPort,
  title={Cálculo: Volume 1},
  author={James Stewart},
  year={2009},
  publisher={Cengage Learning},
  address={São Paulo}
}


